% This file was created with JabRef 2.3.1.
% Encoding: UTF-8

@BOOK{comp-book,
  title = {Compilers Principles, Techniques, \& Tools},
  publisher = {Pearson Education International},
  year = {2007},
  author = {Aho Lam Sethi Ullman},
  owner = {redbrain},
  timestamp = {2009.07.28}
}

@MISC{haskell-comm,
  author = {Haskell Communtiy},
  title = {Haskell},
  year = {2009},
  owner = {redbrain},
  timestamp = {2009.07.28},
  url = {http://www.haskell.org/}
}

@ARTICLE{llvm-comm,
  author = {LLVM Communtiy},
  title = {LLVM JIT execution Tutorials},
  year = {2009},
  owner = {redbrain},
  timestamp = {2009.07.28},
  url = {http://llvm.org/docs/tutorial/index.html}
}

@ARTICLE{make,
  author = {Free Software Foundation},
  title = {GNU/Make},
  year = {2006},
  owner = {redbrain},
  timestamp = {2009.07.28},
  url = {http://www.gnu.org/software/make/}
}

@BOOK{yacc,
  title = {Lex \& Yacc},
  publisher = {O'Reilly},
  year = {1992},
  author = {John R. Levine, Tony Mason \& Doug Brown},
  owner = {redbrain},
  timestamp = {2009.07.28}
}

@ARTICLE{llvm,
  author = {LLVM},
  title = {LLVM - Homepage},
  year = {2009},
  owner = {redbrain},
  timestamp = {2009.07.28},
  url = {http://llvm.org/}
}

@ARTICLE{comp-compilers,
  author = {Comp.Compilers Posters},
  title = {Comp.Compilers},
  volume = {2009},
  owner = {redbrain},
  timestamp = {2009.07.28},
  url = {http://compilers.iecc.com/index.phtml}
}

@ARTICLE{stackless-python,
  author = {Stackless Python Team},
  title = {Stackless Python},
  year = {2009},
  owner = {redbrain},
  timestamp = {2009.07.28},
  url = {http://www.stackless.com/}
}

@ARTICLE{open-mp,
  author = {Wikipedia},
  title = {Open/MP},
  year = {2009},
  owner = {redbrain},
  timestamp = {2009.07.28},
  url = {http://en.wikipedia.org/wiki/OpenMP}
}

@comment{jabref-meta: selector_publisher:}

@comment{jabref-meta: selector_author:}

@comment{jabref-meta: selector_journal:}

@comment{jabref-meta: selector_keywords:}